<?xml version="1.0" encoding="UTF-8"?><collection xmlns="http://www.loc.gov/MARC21/slim"><record><leader>00389nam--2200133-i-4500</leader><controlfield tag="001">000008387</controlfield><controlfield tag="002">20161230</controlfield><controlfield tag="005">20161230201027</controlfield><controlfield tag="008">060222s1000------------r-----000-0-eng-d</controlfield><datafield ind1=" " ind2=" " tag="080"><subfield code="a">539.L2.O1</subfield></datafield><datafield ind1=" " ind2=" " tag="100"><subfield code="a">Bishari, M. And Schwimmer, A.Y</subfield></datafield><datafield ind1=" " ind2=" " tag="245"><subfield code="a">Couplings of particles by means of superconver gence</subfield></datafield><datafield ind1=" " ind2=" " tag="260"><subfield code="a">Rehovoth, Weizmann Institute Of Science.... 26 P. + 2 P.Fig</subfield></datafield><datafield ind1=" " ind2=" " tag="852"><subfield code="a">28200</subfield></datafield></record></collection>